\begin{document}

@article{Duchowski-2002,
	year={2002},
	issn={0743-3808},
	journal={Behavior Research Methods, Instruments and Computers},
	volume={34},
	number={4},
	doi={10.3758/BF03195475},
	title={A breadth-first survey of eye-tracking applications},
	url={http://dx.doi.org/10.3758/BF03195475},
	publisher={Springer-Verlag},
	author={Duchowski, Andrew T.},
	pages={455-470},
	language={English}
}

@inproceedings{Mazzei-2014,
	author = {Mazzei, Andrea and Eivazi, Shahram and Marko, Youri and Kaplan, Frederic and Dillenbourg, Pierre},
	title = {3D Model-based Gaze Estimation in Natural Reading: A Systematic Error Correction Procedure Based on Annotated Texts},
	booktitle = {Proceedings of the Symposium on Eye Tracking Research and Applications},
	series = {ETRA '14},
	year = {2014},
	isbn = {978-1-4503-2751-0},
	location = {Safety Harbor, Florida},
	pages = {87--90},
	numpages = {4},
	url = {http://doi.acm.org/10.1145/2578153.2578164},
	doi = {10.1145/2578153.2578164},
	acmid = {2578164},
	publisher = {ACM},
	address = {New York, NY, USA},
	keywords = {3D gaze estimation, systematic error correction},
} 

@inproceedings{Campbell-2001,
	author = {Campbell, Christopher S. and Maglio, Paul P.},
	title = {A Robust Algorithm for Reading Detection},
	booktitle = {Proceedings of the 2001 Workshop on Perceptive User Interfaces},
	series = {PUI '01},
	year = {2001},
	location = {Orlando, Florida, USA},
	pages = {1--7},
	numpages = {7},
	url = {http://doi.acm.org/10.1145/971478.971503},
	doi = {10.1145/971478.971503},
	acmid = {971503},
	publisher = {ACM},
	address = {New York, NY, USA},
	keywords = {attentive systems, gaze tracking, gaze-based interfaces, reading detection, user interest tracking},
} 

@inproceedings{Biedert-2012,
	author = {Biedert, Ralf and Hees, J\"{o}rn and Dengel, Andreas and Buscher, Georg},
	title = {A Robust Realtime Reading-skimming Classifier},
	booktitle = {Proceedings of the Symposium on Eye Tracking Research and Applications},
	series = {ETRA '12},
	year = {2012},
	isbn = {978-1-4503-1221-9},
	location = {Santa Barbara, California},
	pages = {123--130},
	numpages = {8},
	url = {http://doi.acm.org/10.1145/2168556.2168575},
	doi = {10.1145/2168556.2168575},
	acmid = {2168575},
	publisher = {ACM},
	address = {New York, NY, USA},
	keywords = {eye tracking, machine learning, reading, skimming},
} 

@inproceedings{Biedert-2010,
	title={Text 2.0},
	author={Biedert, Ralf and Buscher, Georg and Schwarz, Sven and Hees, J{\"o}rn and Dengel, Andreas},
	booktitle={CHI'10 Extended Abstracts on Human Factors in Computing Systems},
	pages={4003--4008},
	year={2010},
	organization={ACM}
}

@article{Jacob-1991,
	author = {Jacob, Robert J. K.},
	title = {The Use of Eye Movements in Human-computer Interaction Techniques: What You Look at is What You Get},
	journal = {ACM Trans. Inf. Syst.},
	issue_date = {April 1991},
	volume = {9},
	number = {2},
	month = apr,
	year = {1991},
	issn = {1046-8188},
	pages = {152--169},
	numpages = {18},
	url = {http://doi.acm.org/10.1145/123078.128728},
	doi = {10.1145/123078.128728},
	acmid = {128728},
	publisher = {ACM},
	address = {New York, NY, USA},
	keywords = {UIMS, eye movements, eye tracking, human-computer interaction, input, state transition diagram},
} 

@article{Hyrskykari-2006,
	author = {Hyrskykari, Aulikki},
	booktitle = {Attention aware systems - Special issue: Attention aware systems},
	doi = {10.1016/j.chb.2005.12.013},
	issn = {07475632},
	journal = {Computers in Human Behavior},
	keywords = {2006, attention, eyetracking, inaccuracy, technology},
	month = jul,
	number = {4},
	pages = {657--671},
	priority = {2},
	title = {{Utilizing eye movements: Overcoming inaccuracy while tracking the focus of attention during reading}},
	url = {http://dx.doi.org/10.1016/j.chb.2005.12.013},
	volume = {22},
	year = {2006}
}

@INPROCEEDINGS{Poole-2005,
	author = {Poole, Alex and Ball, Linden J.},
	title = {Eye Tracking in Human-Computer Interaction and Usability Research: Current Status and Future},
	booktitle = {Prospects”, Chapter in C. Ghaoui (Ed.): Encyclopedia of Human-Computer Interaction. Pennsylvania: Idea Group, Inc},
	year = {2005}
}

@inproceedings{Kunze-2013,
	author = {Kunze, Kai and Utsumi, Yuzuko and Shiga, Yuki and Kise, Koichi and Bulling, Andreas},
	title = {I Know What You Are Reading: Recognition of Document Types Using Mobile Eye Tracking},
	booktitle = {Proceedings of the 2013 International Symposium on Wearable Computers},
	series = {ISWC '13},
	year = {2013},
	isbn = {978-1-4503-2127-3},
	location = {Zurich, Switzerland},
	pages = {113--116},
	numpages = {4},
	url = {http://doi.acm.org/10.1145/2493988.2494354},
	doi = {10.1145/2493988.2494354},
	acmid = {2494354},
	publisher = {ACM},
	address = {New York, NY, USA},
	keywords = {document classification, eye tracking, reading behaviour},
} 

@inproceedings{Timm-2011,
	added-at = {2011-11-29T00:00:00.000+0100},
	author = {Timm, Fabian and Barth, Erhardt},
	biburl = {http://www.bibsonomy.org/bibtex/26f461a9d6d8a0960305261530b3c6882/dblp},
	booktitle = {VISAPP},
	crossref = {conf/visapp/2011},
	editor = {Mestetskiy, Leonid and Braz, José},
	interhash = {cabced30db3704571c55cc0e5ed6796c},
	intrahash = {6f461a9d6d8a0960305261530b3c6882},
	isbn = {978-989-8425-47-8},
	keywords = {dblp},
	pages = {125-130},
	publisher = {SciTePress},
	timestamp = {2011-12-01T11:43:58.000+0100},
	title = {Accurate Eye Centre Localisation by Means of Gradients.},
	url = {http://dblp.uni-trier.de/db/conf/visapp/visapp2011.html#TimmB11},
	year = 2011
}

@TECHREPORT{Chau-2005,
	author = {Chau, Michael and Betke, Margrit},
	title = {Real time eye tracking and blink detection with USB cameras},
	institution = {},
	year = {2005}
}

@inproceedings{Buscher-2008,
	author = {Buscher, Georg and Dengel, Andreas and van Elst, Ludger},
	title = {Eye Movements As Implicit Relevance Feedback},
	booktitle = {CHI '08 Extended Abstracts on Human Factors in Computing Systems},
	series = {CHI EA '08},
	year = {2008},
	isbn = {978-1-60558-012-8},
	location = {Florence, Italy},
	pages = {2991--2996},
	numpages = {6},
	url = {http://doi.acm.org/10.1145/1358628.1358796},
	doi = {10.1145/1358628.1358796},
	acmid = {1358796},
	publisher = {ACM},
	address = {New York, NY, USA},
	keywords = {eye tracking, reading and skimming detection, relevance feedback, relevance prediction},
}

@article{Rayner-1998,
	title={Eye movements in reading and information processing: 20 years of research.},
	author={Rayner, Keith},
	journal={Psychological bulletin},
	volume={124},
	number={3},
	pages={372},
	year={1998},
	publisher={American Psychological Association}
}

@article{Rayner-2001,
	title={How psychological science informs the teaching of reading},
	author={Rayner, Keith and Foorman, Barbara R and Perfetti, Charles A and Pesetsky, David and Seidenberg, Mark S},
	journal={Psychological science in the public interest},
	volume={2},
	number={2},
	pages={31--74},
	year={2001},
	publisher={SAGE Publications}
}


@article{Kollmorgen-2007,
	title={Automatically detecting reading in eye tracking data},
	author={Kollmorgen, Sepp and Holmqvist, Kenneth},
	journal={Lund University Cognitive Studies},
	year={2007},
	publisher={Citeseer}
}

@inproceedings{Li-2005,
	title={Starburst: A hybrid algorithm for video-based eye tracking combining feature-based and model-based approaches},
	author={Li, Dongheng and Winfield, David and Parkhurst, Derrick J},
	booktitle={Computer Vision and Pattern Recognition-Workshops, 2005. CVPR Workshops. IEEE Computer Society Conference on},
	pages={79--79},
	year={2005},
	organization={IEEE}
}

@inproceedings{Kassner-2014,
	title={Pupil: an open source platform for pervasive eye tracking and mobile gaze-based interaction},
	author={Kassner, Moritz and Patera, William and Bulling, Andreas},
	booktitle={Proceedings of the 2014 ACM International Joint Conference on Pervasive and Ubiquitous Computing: Adjunct Publication},
	pages={1151--1160},
	year={2014},
	organization={ACM}
}

@article{Sereno-2003,
	title={Measuring word recognition in reading: eye movements and event-related potentials},
	author={Sereno, Sara C and Rayner, Keith},
	journal={Trends in cognitive sciences},
	volume={7},
	number={11},
	pages={489--493},
	year={2003},
	publisher={Elsevier}
}

@article{Lee-1999,
	title={Eye and head coordination in reading: roles of head movement and cognitive control},
	author={Lee, Choongkil},
	journal={Vision Research},
	volume={39},
	number={22},
	pages={3761--3768},
	year={1999},
	publisher={Elsevier}
}

@inproceedings{Sutherland-1968,
	title={A head-mounted three dimensional display},
	author={Sutherland, Ivan E},
	booktitle={Proceedings of the December 9-11, 1968, fall joint computer conference, part I},
	pages={757--764},
	year={1968},
	organization={ACM}
}

@article{Mann-1997,
	title={Wearable computing: A first step toward personal imaging},
	author={Mann, Steve},
	journal={Computer},
	volume={30},
	number={2},
	pages={25--32},
	year={1997},
	publisher={IEEE}
}

@inproceedings{Pouwelse-2001,
	title={Dynamic voltage scaling on a low-power microprocessor},
	author={Pouwelse, Johan and Langendoen, Koen and Sips, Henk},
	booktitle={Proceedings of the 7th annual international conference on Mobile computing and networking},
	pages={251--259},
	year={2001},
	organization={ACM}
}

@misc{Toms_Hardware,
	title={http://www.tomsguide.com/us/squeezing-more-life-out-of-your-notebook,review-583-26.html},
	note = {Acessado em 15-08-2015}
}

@misc{OMAP,
	title={http://processors.wiki.ti.com/index.php/OMAP-L138\_Power\_Consumption\_Summary},
	note = {Acessado em 08-10-2015}
}

@article{Reichle-1998,
	title={Toward a model of eye movement control in reading.},
	author={Reichle, Erik D. and Pollatsek, Alexander and Fisher, Donald L. and Rayner, Keith},
	journal={Psychological review},
	volume={105},
	number={1},
	pages={125},
	year={1998},
	publisher={American Psychological Association}
}

@article{Pavlidis-1981,
	title={Do eye movements hold the key to dyslexia?},
	author={Pavlidis, George T.},
	journal={Neuropsychologia},
	volume={19},
	number={1},
	pages={57--64},
	year={1981},
	publisher={Elsevier}
}

@article{Dyson-2001,
	title={The influence of reading speed and line length on the effectiveness of reading from screen},
	author={Dyson, Mary C and Haselgrove, Mark},
	journal={International Journal of Human-Computer Studies},
	volume={54},
	number={4},
	pages={585--612},
	year={2001},
	publisher={Elsevier}
}

@article{Rabiner-1989,
	title={A tutorial on hidden Markov models and selected applications in speech recognition},
	author={Rabiner, Lawrence R.},
	journal={Proceedings of the IEEE},
	volume={77},
	number={2},
	pages={257--286},
	year={1989},
	publisher={IEEE}
}

@article{Jerri-1977,
	title={The Shannon sampling theorem—Its various extensions and applications: A tutorial review},
	author={Jerri, Abdul J},
	journal={Proceedings of the IEEE},
	volume={65},
	number={11},
	pages={1565--1596},
	year={1977},
	publisher={IEEE}
}

@article{Shannon-1949,
	title={Communication in the presence of noise},
	author={Shannon, Claude E.},
	journal={Proceedings of the IRE},
	volume={37},
	number={1},
	pages={10--21},
	year={1949},
	publisher={IEEE}
}

@book{Grenander-1959,
	title={Probability and Statistics: The Harald Cram{\'e}r Volume},
	author={Grenander, U.},
	lccn={60000229},
	series={Wiley Publications in Statistics},
	url={https://books.google.com.br/books?id=2XC4AAAAIAAJ},
	year={1959},
	publisher={Almqvist \& Wiksell}
}

@article{Goldberg-1999,
	title={Computer interface evaluation using eye movements: methods and constructs},
	author={Goldberg, Joseph H. and Kotval, Xerxes P.},
	journal={International Journal of Industrial Ergonomics},
	volume={24},
	number={6},
	pages={631--645},
	year={1999},
	publisher={Elsevier}
}

@article{Starner-2001,
	title={The challenges of wearable computing: Part 1},
	author={Starner, Thad},
	journal={IEEE Micro},
	number={4},
	pages={44--52},
	year={2001},
	publisher={IEEE}
}

@book{Bulling-2009,
	title={Wearable EOG goggles: eye-based interaction in everyday environments},
	author={Bulling, Andreas and Roggen, Daniel and Tr{\"o}ster, Gerhard},
	year={2009},
	publisher={ACM}
}

@inproceedings{Mann-1998,
	title={Wearable computing as means for personal empowerment},
	author={Mann, Steve},
	booktitle={Proc. 3rd Int. Conf. on Wearable Computing (ICWC)},
	pages={51--59},
	year={1998}
}

@book{Belding-2008,
	title={Foundations of Analysis},
	author={Belding, David French and Mitchell, Kevin J},
	year={2008},
	publisher={Courier Corporation}
}

@book{Sautoy-2008,
	title={A Música dos Números Primos},
	author={Du Sautoy, Marcus},
	year={2008},
	publisher={Zahar}
}

@article{VanRullen-2003,
	title={Is perception discrete or continuous?},
	author={VanRullen, Rufin and Koch, Christof},
	journal={Trends in cognitive sciences},
	volume={7},
	number={5},
	pages={207--213},
	year={2003},
	publisher={Elsevier}
}

@misc{Acuidade,
	title={https://commons.wikimedia.org/wiki/File:EyeFixationsReading.gif},
	note = {Acessado em 16-08-2015}
}

\end{document}